@article{devlin2018bert,
  title={BERT: Pre-training of Deep Bidirectional Transformers for Language Understanding},
  author={Devlin, Jacob and Chang, Ming-Wei and Lee, Kenton and Toutanova, Kristina},
  journal={arXiv preprint arXiv:1810.04805},
  year={2018}
}

@article{liu2019roberta,
  title={RoBERTa: A Robustly Optimized BERT Pretraining Approach},
  author={Liu, Yinhan and Ott, Myle and Goyal, Naman and Du, Jingfei and Joshi, Mandar and Chen, Danqi and Levy, Omer and Lewis, Mike and Zettlemoyer, Luke and Stoyanov, Veselin},
  journal={arXiv preprint arXiv:1907.11692},
  year={2019}
}

@article{jehangir2023ner,
  author  = {Jehangir, Basit and others},
  title   = {A survey on Named Entity Recognition â€” datasets, tools, approaches},
  journal = {Array},
  year    = {2023},
  note    = {\url{https://www.sciencedirect.com/science/article/pii/S2949719123000146}}
}

@misc{keraghel2024recentner,
  author = {Keraghel, Imed and Morbieu, Stanislas and Nadif, Mohamed},
  title  = {Recent Advances in Named Entity Recognition: A Comprehensive Survey and Comparative Study},
  howpublished = {\url{https://arxiv.org/abs/2401.10825}},
  year   = {2024}
}

@inproceedings{secbert2020,
  title={SecBERT: A Pre-trained Language Model for Cybersecurity},
  author={Zhang, J. and Liu, P. and Wang, Y.},
  booktitle={Proceedings of IEEE Security and Privacy Workshops},
  year={2020}
}

@misc{securebert2022,
  author       = {Ehsan Aghaei and others},
  title        = {SecureBERT: A Domain-Specific Language Model for Cybersecurity},
  howpublished = {\url{https://arxiv.org/abs/2204.02685}},
  year         = {2022},
  note         = {arXiv}
}

@misc{mitre_attack,
  title = {{MITRE ATT\&CK\textsuperscript{\textregistered}} Framework},
  author = {{MITRE Corporation}},
  howpublished = {\url{https://attack.mitre.org/}},
  note = {Accessed 2025}
}

@misc{cve_reference,
  author       = {{MITRE Corporation}},
  title        = {Common Vulnerabilities and Exposures (CVE)},
  howpublished = {\url{https://www.cve.org/}},
  note         = {Accessed 2025}
}

@misc{cisa_kev,
  author       = {{Cybersecurity and Infrastructure Security Agency}},
  title        = {Known Exploited Vulnerabilities Catalog},
  howpublished = {\url{https://www.cisa.gov/known-exploited-vulnerabilities-catalog}},
  note         = {Accessed 2025}
}

@misc{epss_reference,
  author       = {{FIRST}},
  title        = {Exploit Prediction Scoring System (EPSS)},
  howpublished = {\url{https://www.first.org/epss/}},
  note         = {Accessed 2025}
}
