@article{reimers2019sentencebert,
  title     = {Sentence-BERT: Sentence Embeddings using Siamese BERT-Networks},
  author    = {Reimers, Nils and Gurevych, Iryna},
  journal   = {arXiv preprint arXiv:1908.10084},
  year      = {2019}
}

@misc{qdrant2024,
  author    = {{Qdrant Team}},
  title     = {Qdrant: Vector Search Engine for the Next Generation of AI Applications},
  year      = {2024},
  howpublished = {\url{https://qdrant.tech}},
  note      = {Accessed October 2025}
}

@misc{fastapi,
  author    = {Ramírez, Sebastián and contributors},
  title     = {FastAPI Documentation},
  year      = {2024},
  howpublished = {\url{https://fastapi.tiangolo.com/}}
}

@misc{podman,
  author    = {{Podman Community}},
  title     = {Podman Documentation},
  year      = {2024},
  howpublished = {\url{https://podman.io/docs/}}
}

@misc{gteSmallHF,
  author    = {{Team NLPER}},
  title     = {thenlper/gte-small Model Card},
  year      = {2024},
  howpublished = {\url{https://huggingface.co/thenlper/gte-small}}
}
